[gd_scene load_steps=11 format=2]

[ext_resource path="res://Sprites/UI/box 72 angels.png" type="Texture" id=1]
[ext_resource path="res://Sprites/title screen space back simple animation1.png" type="Texture" id=2]
[ext_resource path="res://Sprites/the Last gear part 2.png" type="Texture" id=3]
[ext_resource path="res://Fonts/Optimus.otf" type="DynamicFontData" id=4]
[ext_resource path="res://ButtonStyles/Normal.tres" type="StyleBox" id=5]
[ext_resource path="res://ButtonStyles/Hover.tres" type="StyleBox" id=6]
[ext_resource path="res://ButtonStyles/Pressed.tres" type="StyleBox" id=7]
[ext_resource path="res://Scripts/IntroNarrative.gd" type="Script" id=8]
[ext_resource path="res://Fonts/MainMenuButtonFont.tres" type="DynamicFont" id=9]

[sub_resource type="DynamicFont" id=1]
size = 40
outline_size = 3
outline_color = Color( 0, 0, 0, 1 )
font_data = ExtResource( 4 )

[node name="IntroNarrative" type="Control"]
anchor_right = 1.0
anchor_bottom = 1.0
script = ExtResource( 8 )
__meta__ = {
"_edit_use_anchors_": false
}

[node name="TextureRect" type="TextureRect" parent="."]
anchor_right = 1.0
anchor_bottom = 1.0
texture = ExtResource( 2 )

[node name="TextureRect2" type="TextureRect" parent="."]
anchor_right = 1.0
anchor_bottom = 1.0
texture = ExtResource( 3 )
expand = true
__meta__ = {
"_edit_use_anchors_": false
}

[node name="TextureRect3" type="TextureRect" parent="."]
anchor_left = 0.5
anchor_top = 0.5
anchor_right = 0.5
anchor_bottom = 0.5
margin_left = -614.0
margin_top = 301.392
margin_right = 614.0
margin_bottom = 520.392
texture = ExtResource( 1 )
expand = true

[node name="RichTextLabel" type="RichTextLabel" parent="TextureRect3"]
anchor_left = 0.5
anchor_top = 0.5
anchor_right = 0.5
anchor_bottom = 0.5
margin_left = -547.5
margin_top = -84.0
margin_right = 547.5
margin_bottom = 92.0
custom_fonts/normal_font = SubResource( 1 )
text = "Quando direciono Tiphereth para as Sephirot distantes, vejo algo cada vez maior quanto mais distante… 
Quando direciono para as Sephirot dominadas, vejo algo, cada vez mais Oculto quanto mais distante… 
Esse Oculto, me chama… me chama para o lado inverso… 
Chokmah e Binah são as próximas, mas primeiro vou precisar de Chesed, Gewarah, Nezach e Hod."

[node name="Button" type="Button" parent="."]
margin_left = 45.7103
margin_top = 944.093
margin_right = 289.71
margin_bottom = 1046.09
custom_styles/hover = ExtResource( 6 )
custom_styles/pressed = ExtResource( 7 )
custom_styles/normal = ExtResource( 5 )
custom_fonts/font = ExtResource( 9 )
text = "Voltar"
[connection signal="pressed" from="Button" to="." method="_on_Button_pressed"]
