[gd_scene load_steps=7 format=2]

[ext_resource path="res://addons/silent_wolf/Scores/Leaderboard.gd" type="Script" id=1]
[ext_resource path="res://assets/fonts/Comfortaa-Bold.ttf" type="DynamicFontData" id=3]
[ext_resource path="res://Fonts/Optimus.otf" type="DynamicFontData" id=8]

[sub_resource type="DynamicFont" id=1]
size = 55
outline_size = 5
outline_color = Color( 0, 0, 0, 1 )
font_data = ExtResource( 8 )

[sub_resource type="DynamicFont" id=2]
size = 32
font_data = ExtResource( 3 )

[sub_resource type="Theme" id=3]

[node name="Leaderboard" type="Node2D"]
script = ExtResource( 1 )

[node name="OldBoard" type="MarginContainer" parent="."]
visible = false
margin_left = 50.0
margin_right = 50.0
margin_bottom = 40.0

[node name="HighScores" type="TextureRect" parent="OldBoard"]
margin_bottom = 40.0

[node name="Board" type="VBoxContainer" parent="."]
margin_left = 1.0
margin_top = 6.0
margin_right = 780.0
margin_bottom = 676.0
size_flags_horizontal = 5
size_flags_vertical = 5
__meta__ = {
"_edit_use_anchors_": false
}

[node name="TitleContainer" type="CenterContainer" parent="Board"]
margin_right = 779.0
margin_bottom = 77.0

[node name="Label" type="Label" parent="Board/TitleContainer"]
margin_left = 203.0
margin_right = 576.0
margin_bottom = 77.0
custom_fonts/font = SubResource( 1 )
text = "Leaderboard"

[node name="MessageContainer" type="CenterContainer" parent="Board"]
visible = false
margin_top = 89.0
margin_right = 1864.0
margin_bottom = 126.0

[node name="TextMessage" type="Label" parent="Board/MessageContainer"]
margin_left = 923.0
margin_top = 17.0
margin_right = 940.0
margin_bottom = 19.0
custom_fonts/font = SubResource( 2 )
text = "Loading scores..."
valign = 1

[node name="HighScores" type="CenterContainer" parent="Board"]
margin_top = 81.0
margin_right = 779.0
margin_bottom = 181.0
rect_min_size = Vector2( 0, 100 )
theme = SubResource( 3 )

[node name="ScoreItemContainer" type="VBoxContainer" parent="Board/HighScores"]
margin_left = 389.0
margin_top = 50.0
margin_right = 389.0
margin_bottom = 50.0
